2822 3497
984 357 1020 400 P
1137 355 1178 398 R
1288 355 1331 400 A
1439 355 1479 398 E
1589 353 1628 398 F
1736 353 1779 398 A
1891 348 1932 395 T
2038 351 2073 425 IV
2106 360 2111 363 ·
2175 355 2238 397 0..

773 466 915 508 Omnes
953 468 1092 521 igitur,
1133 467 1266 520 quibus
1295 465 1356 506 vel
1379 467 1476 509 nitor
1506 462 1745 520 Latinzffimi
1774 463 1916 507 Poftae
1945 475 2055 505 curae
2075 461 2152 517 fit,
2184 466 2246 508 vel
2270 467 2333 521 qui
2361 466 2405 509 de
2431 481 2500 511 me·

715 556 807 596 bene
836 560 966 598 mereri
992 558 1215 611 dignentur,
1245 565 1316 608 ut,
1335 555 1416 610 five
1444 556 1708 599 Recentiorum
1741 555 1957 597 Criticorum
1986 557 2249 608 correctiones,
2279 558 2404 601 editas
2435 560 2506 602 νεῖ

714 647 884 689 ineditas
900 679 913 698 ,
940 646 1024 700 sire
1053 660 1289 700 quaecunque
1318 661 1343 689 a
1363 661 1420 689 me
1442 646 1568 703 omiffa
1590 644 1937 700 deprehenderint,
1965 642 2056 686 milli
2072 645 2231 687 indicent
2254 655 2323 686 aut
2350 660 2489 691 mecum
2526 650 2529 655 ”

713 736 1003 789 communicent,
1031 738 1149 779 etiam
1176 746 1291 790 atque
1317 739 1430 778 etiam
1460 750 1556 792 rogo.

770 827 815 868 Si
840 840 911 879 qua
942 835 1067 869 autem
1087 828 1265 881 lateant,
1296 841 1390 883 quae
1420 825 1628 881 institutum
1657 838 1775 867 meum
1805 825 1981 867 adiuvare
2001 823 2162 880 pqffint‚
2192 840 2260 867 non
2281 826 2413 882 solum·
2431 833 2492 873 in>-

715 918 861 958 dicanti
889 919 1064 960 indicium
1090 919 1251 972 debebo,
1281 919 1355 976 sed
1381 921 1496 960 etiam
1507 917 1658 974 sumtus
1673 918 1721 958 in·
1739 929 1859 959 eorum
1887 915 2163 972 descriptionem
2182 916 2385 971 faciendos
2410 935 2492 963 cum

707 1011 816 1064 grati
835 1012 950 1052 animi
944 1008 1025 1065 fig
1027 1010 1237 1065 nificatione
1264 1008 1468 1067 restituam.

769 1100 966 1141 Caeterum
1000 1114 1133 1142 novam
1181 1101 1323 1142 Catulli
1351 1102 1549 1142 editionem
1578 1115 1604 1143 a
1632 1103 1726 1145 viris
1754 1101 1911 1143 eruditis
1937 1102 2148 1156 nonsolum
2177 1104 2258 1143 ideo
2288 1100 2500 1154 desiderari

710 1190 851 1241 opinor,
883 1190 974 1236 quod
997 1197 1119 1224 omnes
1137 1189 1249 1225 huius
1267 1189 1410 1226 Poetae
1436 1192 1559 1224 rarius
1578 1189 1672 1237 sunt
1689 1190 1839 1233 obviae,
1861 1188 1934 1237 sed
1963 1191 2023 1227 vel
2038 1192 2201 1227 maxime
2217 1191 2309 1237 quod
2325 1202 2452 1228 earum
2468 1222 2480 1241 ,

710 1273 940 1333 quibusfere
961 1277 1121 1327 utimur,
1153 1275 1261 1317 lectio
1279 1272 1372 1316 unde
1388 1274 1515 1328 petita
1532 1270 1649 1328 qudve
1669 1273 1894 1316 auctoritate
1910 1273 1989 1329 fit,
2022 1276 2083 1318 vel
2108 1264 2260 1319 omnino
2278 1277 2398 1330 latet,
2429 1280 2490 1323 ve}

712 1363 935 1420 difficillime
963 1366 1183 1420 indagatur.-

774 1456 861 1498 Iam
879 1459 930 1498 ab
959 1469 1055 1499 anno
1085 1458 1179 1498 enim
1210 1459 1323 1509 1486
1353 1456 1611 1509 Parthenius,
1651 1458 1736 1498 dein
1770 1459 1867 1508 alii',
1897 1456 1972 1511 sed
1998 1462 2166 1511 inprimis
2199 1472 2359 1511 magnus
2388 1461 2482 1501 Sca-

715 1551 807 1602 liger
834 1556 874 1588 et
900 1545 1073 1601 Vqffius,
1103 1548 1165 1587 ille
1184 1546 1302 1589 nimid
1315 1548 1405 1603 usus
1422 1545 1692 1601 festinatione,
1719 1554 1757 1585 et
1783 1546 1893 1585 nimis
1916 1555 1982 1597 pro
2006 1547 2156 1598 imperio
2192 1559 2333 1599 agens,
2358 1546 2418 1587 hic
2435 1551 2495 1590 ad·

713 1637 882 1691 quamvis
904 1635 1023 1676 aliam
1041 1637 1261 1679 eruditionis
1277 1645 1448 1690 partem,
1478 1649 1585 1688 quam
1609 1636 1662 1677 ad
1678 1636 1899 1686 Pob'ticam‚
1932 1637 2176 1678 tractandam
2198 1638 2353 1689 aptior,
2382 1640 2483 1693 inge-

710 1731 767 1770 nii
806 1729 843 1768 ui
860 1729 1038 1778 inventa,
1069 1740 1178 1780 quam
1211 1727 1381 1769 Codicum
1411 1725 1546 1779 fidem,
1577 1726 1706 1769 lectori
1735 1724 1908 1767 exhibere
1933 1727 2159 1769 maluerunt.

762 1819 850 1879 Ouo
876 1817 969 1860 mihi
997 1819 1211 1874 diligentius
1241 1832 1325 1861 cum
1350 1820 1388 1860 in
1418 1819 1701 1871 uniuscuiusque
1730 1819 1828 1859 vocis
1856 1819 2047 1869 antiquam
2078 1818 2309 1870 scripturam
2343 1828 2380 1858 et
2409 1835 2475 1860 au-

0 1930 111 1964 ψ,
150 1915 289 1965 ΜΨ*
310 1905 475 1938 ''adm“
503 1908 518 1928 ‘
534 1886 601 1920 ⁴⁸⁹5
614 1860 940 1958 011μἰῑςτονίῑιπενη,
977 1923 1025 1950 ex
1062 1909 1159 1961 Mffi
1191 1920 1228 1949 et
1257 1910 1474 1950 editionibus
1501 1907 1731 1956 Principibus
1751 1904 1941 1954 petitam,
1958 1913 2036 1943 tum
2052 1906 2090 1945 in
2119 1908 2348 1955 corruptelae
2372 1911 2480 1952 initia

706 2011 742 2040 et
773 1999 944 2051 originem
972 1996 1244 2047 inquirendum,
1274 1992 1492 2047 εκιζΧίἰηιανῖι

714 2090 721 2096 ’
763 2090 896 2131 Veneti
924 2088 1067 2128 Codicis
1099 2086 1351 2135 collationem,
1372 2083 1412 2137 fi
1427 2118 1439 2136 ,
1461 2087 1520 2126 cui
1545 2086 1687 2136 multa,
1715 2085 1805 2126 alibi
1832 2086 2066 2127 memoranda
2075 2087 2342 2139 ,debeam‚ab
2358 2093 2485 2134 eodem·

707 2183 821 2223 etiam
845 2181 955 2232 plura
982 2188 1108 2231 petere
1126 2174 1291 2230 fassit,
1319 2176 1368 2216 ab
1398 2177 1599 2218 eruditione
1628 2189 1698 2217 non
1726 2176 1866 2227 minus,
1887 2189 1995 2229 quam
2014 2173 2256 2221 humanitate
2276 2181 2484 2238 clarzffimo

710 2272 882 2316 Morellio
912 2268 1093 2326 exspecto.

821 2436 1040 2478 scribebam
1070 2433 1216 2476 Leidae
1245 2430 1307 2473 A..
1328 2431 1383 2473 D.
1414 2431 1505 2475 Kal.
1534 2432 1715 2477 Decemb.
1750 2435 1887 2485 17880·

2277 2600 2301 2622 ι’-
2316 2594 2473 2625 Mun„

2320 2769 2355 2808 c
2409 2768 2481 2812 A·-
