2822 3497
383 341 510 392 '14
815 333 855 381 C
974 335 1013 379 A
1126 335 1169 380 T
1279 337 1326 378 V'
1434 335 1471 379 L
1580 336 1618 381 1.
1729 336 1776 380 V
1885 340 1914 384 S

576 458 724 524 Nam
738 501 761 533 ,
794 455 928 516 mihi
968 473 1133 535 quam
1161 453 1377 515 dederit
1409 453 1614 534 duplex
1641 455 1958 519 Amathusia
1987 479 2171 521 curam
2188 503 2211 537 ‚

2124 550 2239 608 Sci.

464 801 586 843 minis
614 799 794 854 spatium
833 797 1056 853 reliquerat
1084 812 1283 839 vacuum.
1354 797 1405 837 In
1435 788 1575 849 defirio
1602 788 1658 837 ali
1692 787 2012 851 quatuordecim
2035 798 2104 840 alii
2128 790 2233 843 m'ihi

461 867 634 912 Codices
650 865 876 919 exhibent,
908 877 993 908 tres
1014 865 1111 917 alii,
1142 878 1249 906 unus
1268 862 1370 907 item
1387 861 1544 907 Voffio.
1574 860 1937 918 praestantiffimus
1956 864 2129 909 Corvini
2154 868 2237 911 Re·

466 936 529 993 gis
584 934 759 979 Codex:
810 933 971 988 Deserto
1015 936 1053 975 in
1092 933 1242 975 Mallii.
1293 931 1535 974 chartaceus
1565 928 1771 973 Saibantis
1825 930 1971 973 Manlii
2004 934 2044 974 in
2081 933 2237 990 deserto.

459 1003 506 1046 in
534 1001 791 1047 Vallieriano
819 999 991 1055 antiqua
1012 1012 1156 1041 manus
1178 1008 1429 1041 correxerat.
1459 996 1619 1054 Deserto
1644 999 1682 1039 in
1704 999 1879 1050 Manlii,
1886 987 1952 1041 et
1981 998 2024 1042 in
2050 1002 2239 1057 margine

6 1071 124 1108 atu-¹¹⁰⁸·
461 1071 557 1112 Inde
575 1069 785 1124 sepulcrali
810 1070 945 1109 nomini
965 1077 1055 1120 opus
1069 1065 1221 1120 faciat.
1252 1063 1577 1120 Raphelengius
1592 1065 1752 1120 Deserto
1776 1067 1813 1107 in
1840 1067 1973 1110 Malli.
2014 1067 2241 1123 Scaligera

458 1148 580 1186 num,
611 1136 663 1176 ln
682 1133 824 1187 deserto
844 1133 958 1181 Allt'i,
1000 1132 1051 1172 ab
1071 1129 1161 1171 aliis
1181 1129 1271 1170 iure
1295 1131 1509 1184 explosum
1538 1126 1597 1170 est
1618 1143 1631 1180 3
1667 1143 1747 1171 nec
1770 1130 1869 1173 satis
1893 1142 2008 1174 certa
2044 1133 2103 1175 est
2124 1137 2243 1178 Mar.

461 1200 550 1243 cilii
571 1200 817 1242 coniectura
852 1197 903 1237 In
933 1196 1075 1252 deserto
1101 1197 1216 1247 Auli,
1260 1208 1383 1250 quarn
1401 1196 1584 1249 Vulpius
1603 1206 1645 1237 et
1664 1198 1914 1239 Corradinus
1933 1200 2112 1255 amplexi
2129 1201 2238 1243 sunt.

456 1269 626 1312 Voffius
646 1299 662 1320 ,
701 1266 862 1321 Deserto
907 1267 1063 1307 Manlii.
1129 1263 1333 1318 Equidem
1367 1263 1572 1305 Catullum
1597 1263 1797 1319 scripfiffe
1831 1264 2041 1310 existimo:
2080 1270 2242 1325 Deserto

420 1335 423 1336 ⁷
461 1334 601 1381 Manli
615 1337 651 1380 in
667 1336 818 1378 nomine.
850 1333 1069 1388 Eleganter
1089 1341 1230 1376 autem
1247 1329 1431 1388 Vulpius
1460 1330 1500 1373 τὸ
1529 1332 1671 1375 nomme
1685 1331 1819 1380 refert
1834 1331 1887 1378 ad
1904 1348 2081 1390 nomen,
2114 1337 2241 1383 Man·

464 1403 508 1447 lii
537 1404 697 1448 statuae
721 1400 1017 1457 subscriptum.

520 1555 561 1583 v.
597 1554 651 1591 51
681 1551 829 1593 parum
849 1534 984 1580 variat
995 1533 1127 1578 ‘lectio
1141 1532 1267 1577 huius
1286 1533 1442 1576 versus.
1475 1546 1572 1575 cum
1590 1531 1701 1576 enirn
1728 1533 1959 1587 Amathusia
1976 1533 2025 1576 fit
2050 1533 2092 1577 in
2119 1535 2242 1580 Codi-

464 1606 582 1652 cibus
600 1608 688 1652 fere
714 1604 907 1649 omnibus
923 1633 936 1655 ,
967 1601 1173 1644 Amatutia
1189 1610 1354 1643 tantum
1371 1598 1489 1642 estin
1520 1599 1622 1643 Cod.
1653 1599 1883 1654 saibantis,
1922 1600 2175 1647 Vallieriano
2200 1612 2243 1647 et

460 1676 643 1718 secunda
674 1673 844 1716 Veneta
859 1702 872 1722 ‚
905 1672 1132 1712 Amacuntia
1156 1668 1199 1709 in
1217 1668 1354 1723 primo
1379 1668 1607 1721 Mediceo,
1636 1670 1766 1710 altero
1782 1669 1988 1712 Saibantis
2003 1671 2246 1723 recentiori,

462 1755 504 1788 et
527 1740 807 1792 editionibus,
837 1737 1050 1792 Scaligero
1067 1736 1398 1792 antiquioribus,
1431 1734 1504 1790 qui
1533 1735 1765 1790 Amathusia
1781 1735 1964 1781 restituit
1981 1771 1994 1790 ,
2027 1738 2247 1793 cognitum

463 1810 548 1855 iam
574 1810 708 1853 Fusco
735 1807 783 1851 in
811 1806 926 1850 nota.
965 1805 1083 1848 aliter
1115 1802 1299 1861 Scaliger
1338 1802 1438 1847 olim
1458 1803 1636 1848 senserat
1656 1804 1699 1847 in
1720 1803 1832 1847 notis
1848 1804 1899 1846 ad
1917 1803 2034 1847 Cirin
2063 1817 2107 1846 v.
2140 1815 2240 1856 242.

462 1877 660 1923 Heinfius
686 1876 738 1919 ad
776 1874 904 1918 Ovid.
942 1875 1003 1915 111
1039 1874 1183 1915 Amor.
1222 1887 1304 1920 xv,
1345 1883 1398 1919 15
1430 1870 1619 1923 praefert
1643 1871 1821 1913 formam
1848 1872 2102 1922 Amathusia,
2142 1870 2242 1913 licet

0 1985 23 2012 Ρ,
34 1974 62 1997 ,‚
76 1950 178 1989 maa>
214 1934 289 1987 ec*
464 1944 722 1989 Amathuntia
742 1941 878 1983 tuenti
902 1953 987 1982 non
1007 1937 1178 1981 omnino
1196 1935 1237 1978 se
1251 1945 1464 1987 opponat3
1492 1933 1598 1973 mihi
1612 1933 1779 1987 quidem
1798 1933 1900 1976 haec
1918 1935 2037 1978 valde
2054 1936 2246 1991 suspecta

466 2010 538 2054 est.
596 2008 742 2064 Magis
758 2006 924 2048 variant
940 2006 986 2046 in
1006 2001 1255 2057 explicanda
1275 2012 1383 2041 voce
1401 1999 1536 2052 duplex
1549 1999 1813 2055 interpretes.
1831 2000 2017 2058 plerique
2034 2001 2246 2047 intellexe-

465 2086 566 2121 runt
596 2075 762 2130 fallax,
793 2071 942 2126 dolosa;
986 2070 1088 2112 item
1113 2070 1304 2109 Burman.
1347 2066 1402 2107 ad
1442 2068 1581 2108 Valer.
1622 2069 1679 2109 ΡΙ.
1721 2070 1747 2109 l.
1785 2083 1886 2112 v111.
1926 2083 1969 2111 v.
2003 2084 2100 2124 235.
2161 2085 2246 2127 quo

260 2183 309 2211 ω
332 2166 448 2213 „4
462 2143 581 2187 sensu
612 2139 765 2183 Graeci
795 2138 944 2179 Αἰπλὸον
967 2136 1115 2179 dicunt
1140 2149 1153 2185 ;
1177 2135 1271 2177 vid.
1303 2134 1672 2178 cLRuhnkenirum
1688 2136 1739 2178 ad
1765 2136 1999 2179 Timaeum.
2057 2138 2244 2182 Petreius

164 2200 200 2243 Ψ
191 2184 258 2219 Ἠ
467 2212 549 2254 huc
576 2208 768 2250 trahebat
807 2202 958 2248 Ovidii
996 2216 1041 2245 xv
1078 2200 1186 2243 Fast.
1232 2214 1268 2244 1.
1294 2203 1458 2256 geminos
1496 2202 1680 2255 Amores,-
1716 2203 1896 2246 Platonis
1917 2203 1960 2247 in
1980 2203 2167 2260 Sympos.
2198 2218 2242 2259 p.

328 2298 375 2335 ,-7
389 2304 404 2328 ,ι
474 2285 554 2326 182
587 2275 700 2319 Edit.
731 2270 944 2330 Bipontin.
976 2270 1184 2312 Venerem
1208 2270 1432 2324 geminam,
1474 2269 1694 2312 Coelestem
1713 2282 1754 2313 et
1780 2272 2007 2328 Vulgarem
2034 2272 2118 2315 ssve
2146 2272 2246 2315 Pan-

235 2304 248 2331 ι.
268 2317 313 2332 ..a

0 2334 117 2373 mm]
142 2331 155 2350 ἱ.
236 2319 265 2392 ’Ἴ
287 2380 334 2409 m
363 2375 392 2397 ι
406 2339 660 2396 ale-demam?
682 2337 1029 2399 quemadmodum
1047 2348 1087 2378 et
1101 2336 1308 2377 Meurfius
1338 2337 1665 2393 adLycophr.p.
1684 2349 1778 2392 134.
1809 2353 1913 2395 quos
1932 2338 2082 2381 refellit
2099 2338 2246 2381 Schra-

0 2427 23 2454 ,ς
46 2394 341 2481 ἰἰωῒιτνῆιζῇἥρξῦῑ,
469 2428 589 2457 ρει-ηε
636 2409 687 2452 ad
712 2408 932 2452 Musaeum
963 2419 1007 2445 v.
1037 2417 1107 2455 42
1138 2402 1413 2445 Parthenius
1402 2417 1516 2456 lam,
1554 2417 1787 2459 quanquam
1814 2406 1888 2447 fibi
1912 2419 1998 2448 non
2024 2406 2122 2448 satis
2148 2420 2245 2449 con·

0 2476 105 2504 ³⁹⁰⁵*
152 2471 156 2475 ”
220 2452 234 2481 e
444 2484 527 2553 ‘usta
510 2497 609 2532 ns,
649 2479 701 2520 ad
724 2476 934 2531 duplicem
962 2472 1108 2513 Catulli
1132 2485 1314 2513 amorem
1343 2470 1562 2512 referebat.
1585 2466 1611 2500 Γ
1647 2473 1724 2513 Sed
1762 2473 1920 2526 primus
1955 2474 2161 2516 Meurfius
2190 2475 2243 2518 in

0 2539 35 2611 a:
67 2557 269 2592 Μαί,
250 2545 344 2575 ι,7ιι
325 2523 448 2565 vam
467 2551 607 2606 Cypro
636 2548 660 2590 l·
674 2548 704 2590 Ι
740 2559 833 2600 cap
867 2547 907 2588 3
943 2553 1040 2596 pag.
1056 2553 1106 2582 22
1137 2549 1177 2582 et
1198 2537 1387 2590 Voffius,
1418 2536 1549 2595 quiet
1573 2537 1659 2595 ipse
1679 2540 1896 2596 utriusque
1914 2540 2031 2589 sexus
2062 2557 2245 2587 amorem

470 2613 625 2673 respici
657 2615 855 2670 putabat,
888 2607 940 2651 ad
969 2607 1145 2650 Veneris
1176 2605 1355 2662 effigiem
1384 2607 1619 2657 barbatam,
1652 2607 1736 2650 five
1759 2610 1880 2651 maris
1903 2620 1942 2651 et
1962 2610 2167 2665 feminae,
2199 2610 2243 2654 in

469 2684 730 2731 Amathunte
759 2681 942 2728 cultam,
983 2675 1106 2717 alludi
1133 2675 1327 2718 ostendit.
1385 2675 1535 2731 quibus
1568 2675 1795 2718 adsentitur
1831 2679 1959 2720 Bentl.
1997 2680 2049 2721 ad
2088 2683 2242 2723 Horat.

2167 2746 2237 2791 lib.

2664 2359 2708 2427 3·-
